@article{Butta2019,
	author = {Butt\`a, Paolo and Flandoli, Franco and Ottobre, Michela and Zegarlinski, Boguslaw},
	year = {2019},
	pages = {791-827},
	title = {A non-linear kinetic model of self-propelled particles with multiple equilibria},
	volume = {12(4)},
	journal = {Kinetic \& Related Models}
}

@book{Hundsdorfer2007,
    title = {Numerical Solution of Time-Dependent Advection-Diffusion-Reaction Equations},
    author = {Hundsdorfer, W. and Verwer, J.G.},
    isbn = {9783540034407},
    lccn = {2007923466},
    series = {Springer Series in Computational Mathematics},
    url = {https://books.google.co.uk/books?id=WwB1hiqj8OkC},
    year = {2007},
    publisher = {Springer Berlin Heidelberg}
}

@book{Morton2005,
    title = {Numerical Solution of Partial Differential Equations: An Introduction},
    author = {Morton, K.W. and Mayers, D.F.},
    isbn = {9781139443203},
    url = {https://books.google.co.uk/books?id=0uf\_iQIBFKgC},
    year = {2005},
    publisher = {Cambridge University Press}
}
@article{Higham01,
    title = {An algorithmic introduction to numerical simulation of stochastic differential equations},
    author = {D.J. Higham},
    year = {2001},
    volume = {43},
    pages = {525-546},
    journal = {SIAM Review},
    number = {3}
}
@article {Buhl06,
    author = {Buhl, J. and Sumpter, D. J. T. and Couzin, I. D. and Hale, J. J. and Despland, E. and Miller, E. R. and Simpson, S. J.},
    title = {From Disorder to Order in Marching Locusts},
    volume = {312},
    number = {5778},
    pages = {1402--1406},
    year = {2006},
    doi = {10.1126/science.1125142},
    publisher = {American Association for the Advancement of Science},
    issn = {0036-8075},
    URL = {https://science.sciencemag.org/content/312/5778/1402},
    eprint = {https://science.sciencemag.org/content/312/5778/1402.full.pdf},
    journal = {Science}
}
@article{Bazazi08,
    title = "Collective Motion and Cannibalism in Locust Migratory Bands",
    journal = "Current Biology",
    volume = "18",
    number = "10",
    pages = "735 - 739",
    year = "2008",
    issn = "0960-9822",
    doi = "https://doi.org/10.1016/j.cub.2008.04.035",
    url = "http://www.sciencedirect.com/science/article/pii/S0960982208005216",
    author = "Sepideh Bazazi and Jerome Buhl and Joseph J. Hale and Michael L. Anstey and Gregory A. Sword and Stephen J. Simpson and Iain D. Couzin"
}

@article{Escudero10,
title = "Ergodic directional switching in mobile insect groups",
keywords = "collective motion, locusts, ergodic, order",
author = "C. Escudero and C.A. Yates and J. Buhl and I.D. Couzin and R. Erban and I.G. Kevrekidis and P.K. Maini",
year = "2010",
doi = "10.1103/PhysRevE.82.011926",
language = "English",
volume = "82",
journal = "Physical Review E",
issn = "1539-3755",
publisher = "American Physical Society",
number = "1",
}
@article{Couzin03,
    author = {Couzin, Iain and Franks, Nigel},
    year = {2003},
    month = {02},
    pages = {139-46},
    title = {Self-organized lane formation and optimized traffic flow in army ants},
    volume = {270},
    journal = {Proceedings. Biological sciences / The Royal Society},
    doi = {10.1098/rspb.2002.2210}
}
